@misc{thingino,
    author = {Inant, Robert},
    title = {{ThingSpeakClient.ino}},
    journal = {Energia},
    year = 2013,
    url = {https://github.com/energia/Energia/blob/master/libraries/SimplelinkWifi/examples/ThingSpeakClient/ThingSpeakClient.ino},
}

@misc{biopacl5,
    author = {Pflanzer, R and McMullen, W},
    title = {Biopac Student Lab Lesson 5 Electrocardiography (ECG)},
    url = {https://loop.dcu.ie/pluginfile.php/2050301/mod_resource/content/0/L05%20Introduction.pdf},
}

@misc{matlabbulk,
    author = {{MathWorks}},
    title = {MATLAB Bulk-Write JSON Data},
    url = {https://uk.mathworks.com/help/thingspeak/bulkwritejsondata.html},
}

@journal{BioAmp,
    author = {Nagel, J. H},
    title = {Biopotential Amplifiers},
    journaltitle = {The Biomedical Engineering Handbook},
    edition = {2nd},
    year = 2000,
}

@misc{analog,
    author = {{Analog.com}},
    title = {AD620 Technical Datasheet},
    url = {https://www.analog.com/media/en/technical-documentation/data-sheets/ad620.pdf.},
    year = {2019},
}

@misc{tweed,
    author = {Tweed, D},
    title = {Pratient Protection Resistors in the Biopotential Amplifiers},
    url = {https://electronics.stackexchange.com/questions/123548/patient-protection-resistors-in-the-biopotential-amplifiers},
    year = 2014,
}
